/home/dcoeurjo/public_html_virtuel/Publications/mybiblio.bib